@book{bv2004,
  title={Convex optimization},
  author={Boyd, Stephen and Vandenberghe, Lieven},
  year={2004},
  url={http://stanford.edu/~boyd/cvxbook/bv_cvxbook.pdf},
  publisher={Cambridge university press}
}
